@misc{doc:stz,
   author = "Thomas Nonnenmacher",
   title = "LaTeX Grundlagen - Setzen einer wissenschaftlichen Arbeit
Skript",
	year = "2008",
	url = "http://www.stz-softwaretechnik.de",
	note = "(Bei STZ Internetseite unter Publikationen - Skripte) [V.\,2.0 26.02.08]"
}

@BOOK{doc:gun,
	AUTHOR       = "Karsten Günther",
	TITLE        = "LaTeX2 --- Das umfassende Handbuch",
	PUBLISHER    = "Galileo Computing",
	YEAR         = "2004",
	url = "http://www.galileocomputing.de/katalog/buecher/titel/gp/titelID-768",
	SERIES       = "1. Auflage",
	VOLUME       = "",
	ADDRESS      = "",
	EDITION      = "",
	MONTH        = "",
	NOTE         = ""
}
